@book{ACM:83,
 author = {Salton, Gerard.},
 title = {Automatic Information Organization and Retrieval.},
 year = "1968",
 isbn = "0070544859",
 publisher = {McGraw Hill Text}
} 


@online{HS:15,
	author = {Daniel Lindsley},
	title = {Getting Started with Haystack},
	date = {2016-05-04},
	year={2016},
	url = {http://django-haystack.readthedocs.io/en/v2.4.1/tutorial.html},
}
@article{Rob:09,
	author = {Robertson, Stephen and Zaragoza, Hugo},
	title = {The Probabilistic Relevance Framework: BM25 and Beyond},
	journal = {Found. Trends Inf. Retr.},
	issue_date = {April 2009},
	volume = {3},
	number = {4},
	month = apr,
	year = {2009},
	issn = {1554-0669},
	pages = {333--389},
	numpages = {57},
	url = {http://dx.doi.org/10.1561/1500000019},
	doi = {10.1561/1500000019},
	acmid = {1704810},
	publisher = {Now Publishers Inc.},
	address = {Hanover, MA, USA},
} 

@thesis{Phd:89,
	author = {S.P. Harter},
	title = {A probabilistic approach to automatic keyword indexing},
	type = {Phd Thesis},
	institution = {The University of Chicago},
	year = {1974},
}
@book{Nltk:09,
	author = {Steven Bird and Ewan Klein and  Edward Loper},
	title = {Natural Language Processing with Python
	– Analyzing Text with the Natural Language Toolkit},
	year = {2009},
	publisher={O’Reilly Media Inc},

}

@book{SLP:09,
	author = { Daniel Jurafsky and James H. Martin},
	title = {Speech and Language Processing: An Introduction to Natural Language Processing, Speech Recognition, and Computational Linguistics.},
	year = {2009},
	edition={2nd Edition},
	publisher={Prentice-Hall.},
}


@inbook{ID,
	author = {Giuseppe Attardi and Felice Dell’Orletta},
	title = {Chunking and Dependency Parsing},
	booktitle = { Proceedings of LREC 2008 Workshop on Partial Parsing},
	year = {2008},
	
}
@proceedings{LREC:08,
	editor = {editor},
	title = {},
	date = {date},
}

@inproceedings{CoNLL:00,
	author = {Taku Kudoh and Yuji Matsumoto},
	editor = {editor},
	title = { Use of Support Vector Learning for Chunk Identification},
	booktitle = {In: Proceedings of CoNLL-2000 and LLL-2000},
	date = {2000},
	venue = { Lisbon, Portugal},
}
